@article{Mollahosseini_2019,
	title={AffectNet: A Database for Facial Expression, Valence, and Arousal Computing in the Wild},
	volume={10},
	ISSN={2371-9850},
	url={http://dx.doi.org/10.1109/TAFFC.2017.2740923},
	DOI={10.1109/taffc.2017.2740923},
	number={1},
	journal={IEEE Transactions on Affective Computing},
	publisher={Institute of Electrical and Electronics Engineers (IEEE)},
	author={Mollahosseini, Ali and Hasani, Behzad and Mahoor, Mohammad H.},
	year={2019},
	month=jan, pages={18–31}
}


@article{Circumplex,
	title={A circumplex model of affect},
	volume={39},
	issue={6},
	url={https://doi.org/10.1037/h0077714},
	DOI={10.1037/h0077714},
	journal={Journal of Personality and Social Psychology},
	author={Russell, J. A.},
	year={1980},
	month=dec, pages={1161–1178}
}

@misc{wiki:img,
	author = {Wikimedia Commons},
	title = {File:Circumplex model of emotion.svg --- Wikimedia Commons{,} the free media repository},
	year = "2024",
	url = "https://commons.wikimedia.org/w/index.php?title=File:Circumplex_model_of_emotion.svg&oldid=861227692",
	note = "[Online; accessed 11-November-2024]"
}

@article{history,
	author={Zhao, Xibin and Zhu, Junjie and Luo, Bingjun and Gao, Yue},
	journal={IEEE MultiMedia}, 
	title={Survey on Facial Expression Recognition: History, Applications, and Challenges}, 
	year={2021},
	volume={28},
	number={4},
	pages={38-44},
	keywords={Feature extraction;Generative adversarial networks;Face recognition;Deep learning;History;Human factors;Medical treatment},
	doi={10.1109/MMUL.2021.3107862}
}

@article{survey,
	title = {A comprehensive survey on deep facial expression recognition: challenges, applications, and future guidelines},
	journal = {Alexandria Engineering Journal},
	volume = {68},
	pages = {817-840},
	year = {2023},
	issn = {1110-0168},
	doi = {https://doi.org/10.1016/j.aej.2023.01.017},
	url = {https://www.sciencedirect.com/science/article/pii/S1110016823000327},
	author = {Muhammad Sajjad and Fath U Min Ullah and Mohib Ullah and Georgia Christodoulou and Faouzi {Alaya Cheikh} and Mohammad Hijji and Khan Muhammad and Joel J.P.C. Rodrigues},
}

@article{exampleGP,
	title = {A genetic programming-based feature selection and fusion for facial expression recognition},
	journal = {Applied Soft Computing},
	volume = {103},
	pages = {107173},
	year = {2021},
	issn = {1568-4946},
	doi = {https://doi.org/10.1016/j.asoc.2021.107173},
	url = {https://www.sciencedirect.com/science/article/pii/S156849462100096X},
	author = {Haythem Ghazouani},
}

@INPROCEEDINGS{JAFFE_GP,
	author={Evans, Benjamin and Al-Sahaf, Harith and Xue, Bing and Zhang, Mengjie},
	booktitle={2018 IEEE Congress on Evolutionary Computation (CEC)}, 
	title={Evolutionary Deep Learning: A Genetic Programming Approach to Image Classification}, 
	year={2018},
	volume={},
	number={},
	pages={1-6},
	keywords={Computer architecture;Feature extraction;Machine learning;Visualization;Genetic programming;Task analysis;Image recognition;Genetic programming;Image classification;Deep learning;Feature extraction},
	doi={10.1109/CEC.2018.8477933}}

@book{GPIC,
	title     = "Genentic Programming for Image Classification",
	author    = {Ying Bi, Bing Xue, Mengjie Zhang},
	year      = 2021,
	publisher = "Springer"
}